<record><leader>00000cas a22000007a 4500</leader><controlfield tag="001">23905495</controlfield><controlfield tag="008">910610c19uu9999ohuwr ne      0    0eng d</controlfield><datafield ind1=" " ind2=" " tag="010"><subfield code="a">sn 91069676 </subfield></datafield><datafield ind1=" " ind2=" " tag="040"><subfield code="a">ONP</subfield><subfield code="b">eng</subfield><subfield code="c">ONP</subfield><subfield code="d">OCLCQ</subfield></datafield><datafield ind1=" " ind2=" " tag="042"><subfield code="a">msc</subfield></datafield><datafield ind1="0" ind2=" " tag="130"><subfield code="a">Community press (Mason, Ohio)</subfield></datafield><datafield ind1="1" ind2="0" tag="245"><subfield code="a">Community press.</subfield></datafield><datafield ind1=" " ind2=" " tag="260"><subfield code="a">Mason, Ohio :</subfield><subfield code="b">[s.n.]</subfield></datafield><datafield ind1=" " ind2=" " tag="300"><subfield code="a">v.</subfield></datafield><datafield ind1=" " ind2=" " tag="310"><subfield code="a">Weekly</subfield></datafield><datafield ind1=" " ind2=" " tag="500"><subfield code="a">Published for the areas of West Chester, Liberty Township, Kings Mill and Landon.</subfield></datafield><datafield ind1=" " ind2=" " tag="588"><subfield code="a">Description based on: Vol. 2, no. 6 (Mar. 7, 1990).</subfield></datafield><datafield ind1=" " ind2=" " tag="752"><subfield code="a">United States</subfield><subfield code="b">Ohio</subfield><subfield code="c">Warren</subfield><subfield code="d">Mason.</subfield></datafield></record>